@Manual{R,
  title = {R: A Language and Environment for Statistical Computing},
  author = {{R Core Team}},
  organization = {R Foundation for Statistical Computing},
  address = {Vienna, Austria},
  year = {2016},
  note = {{ISBN} 3-900051-07-0},
  url = {https://www.R-project.org/},
}

@article{ihaka:1996,
  Author = {Ihaka, Ross and Gentleman, Robert},
	Journal = {Journal of Computational and Graphical Statistics},
	Number = 3,
	Pages = {299--314},
	Title = {R: A Language for Data Analysis and Graphics},
	Volume = 5,
	Year = 1996,
        url = {https://doi.org/10.1080/10618600.1996.10474713}
}

@article{akl2012potential,
  title={Potential impact on estimated treatment effects of information lost to follow-up in randomised controlled trials (LOST-IT): systematic review},
  author={Akl, Elie A and Briel, Matthias and You, John J and Sun, Xin and Johnston, Bradley C and Busse, Jason W and Mulla, Sohail and Lamontagne, Francois and Bassler, Dirk and Vera, Claudio and others},
  journal={Bmj},
  volume={344},
  year={2012},
  publisher={British Medical Journal Publishing Group}
}

@article{akl2015reporting,
  title={Reporting missing participant data in randomised trials: systematic survey of the methodological literature and a proposed guide},
  author={Akl, Elie A and Shawwa, Khaled and Kahale, Lara A and Agoritsas, Thomas and Brignardello-Petersen, Romina and Busse, Jason W and Carrasco--Labra, Alonso and Ebrahim, Shanil and Johnston, Bradley C and Neumann, Ignacio and others},
  journal={BMJ open},
  volume={5},
  number={12},
  pages={e008431},
  year={2015},
  publisher={British Medical Journal Publishing Group}
}

@article{powney2014review,
  title={A review of the handling of missing longitudinal outcome data in clinical trials},
  author={Powney, Matthew and Williamson, Paula and Kirkham, Jamie and Kolamunnage-Dona, Ruwanthi},
  journal={Trials},
  volume={15},
  number={1},
  pages={1--11},
  year={2014},
  publisher={BioMed Central}
}

@article{bell2014handling,
  title={Handling missing data in RCTs; a review of the top medical journals},
  author={Bell, Melanie L and Fiero, Mallorie and Horton, Nicholas J and Hsu, Chiu-Hsieh},
  journal={BMC medical research methodology},
  volume={14},
  number={1},
  pages={1--8},
  year={2014},
  publisher={BioMed Central}
}

@article{cro2020sensitivity,
  title={Sensitivity analysis for clinical trials with missing continuous outcome data using controlled multiple imputation: a practical guide},
  author={Cro, Suzie and Morris, Tim P and Kenward, Michael G and Carpenter, James R},
  journal={Statistics in medicine},
  volume={39},
  number={21},
  pages={2815--2842},
  year={2020},
  publisher={Wiley Online Library}
}

@article{rabe2018missing,
  title={Missing data handling in non-inferiority and equivalence trials: A systematic review},
  author={Rabe, Brooke A and Day, Simon and Fiero, Mallorie H and Bell, Melanie L},
  journal={Pharmaceutical statistics},
  volume={17},
  number={5},
  pages={477--488},
  year={2018},
  publisher={Wiley Online Library}
}

@article{tan2021review,
  title={A review of the use of controlled multiple imputation in randomised controlled trials with missing outcome data},
  author={Tan, Ping-Tee and Cro, Suzie and Van Vogt, Eleanor and Szigeti, Matyas and Cornelius, Victoria R},
  journal={BMC medical research methodology},
  volume={21},
  number={1},
  pages={1--17},
  year={2021},
  publisher={BioMed Central}
}

@article{pijls2022table,
  title={The Table I Fallacy: P Values in Baseline Tables of Randomized Controlled Trials},
  author={Pijls, Bart G},
  journal={JBJS},
  pages={10--2106},
  year={2022},
  publisher={LWW}
}

@article{altman1990randomisation,
  title={Randomisation and baseline comparisons in clinical trials},
  author={Altman, Douglas G and Dore, CJ},
  journal={The Lancet},
  volume={335},
  number={8682},
  pages={149--153},
  year={1990},
  publisher={Elsevier}
}

@article{begg1990significance,
  title={Significance tests of covariate imbalance in clinical trials},
  author={Begg, Colin B},
  journal={Controlled clinical trials},
  volume={11},
  number={4},
  pages={223--225},
  year={1990},
  publisher={Elsevier}
}

@article{senn1994testing,
  title={Testing for baseline balance in clinical trials},
  author={Senn, Stephen},
  journal={Statistics in medicine},
  volume={13},
  number={17},
  pages={1715--1726},
  year={1994},
  publisher={Wiley Online Library}
}

@article{de2015testing,
  title={Testing for baseline differences in randomized controlled trials: an unhealthy research behavior that is hard to eradicate},
  author={De Boer, Michiel R and Waterlander, Wilma E and Kuijper, Lothar DJ and Steenhuis, Ingrid HM and Twisk, Jos WR},
  journal={International Journal of Behavioral Nutrition and Physical Activity},
  volume={12},
  number={1},
  pages={1--8},
  year={2015},
  publisher={BioMed Central}
}

@article{moher2012consort,
  title={CONSORT 2010 explanation and elaboration: updated guidelines for reporting parallel group randomised trials},
  author={Moher, David and Hopewell, Sally and Schulz, Kenneth F and Montori, Victor and G{\o}tzsche, Peter C and Devereaux, Philip J and Elbourne, Diana and Egger, Matthias and Altman, Douglas G},
  journal={International journal of surgery},
  volume={10},
  number={1},
  pages={28--55},
  year={2012},
  publisher={Elsevier}
}

@incollection{lehman-book,
  author      = "Lehmann, Erich L.",
  title       = "Latin Squares",
  booktitle   = "Fisher, Neyman, and the Creation of Classical Statistics",
  publisher   = "Springer",
  year        = 2011,
  chapter     = "5.2",
  url       = "https://doi.org/10.1007/978-1-4419-9500-1"
}


@article{guardian2020,
 author  = {Busby, Mattha},
 date    = {2020-06-27},
 year   = 2020,
 title   = {Cambridge college to remove window commemorating eugenicist},
 journal = {The Guardian},
 url     = {https://www.theguardian.com/education/2020/jun/27/cambridge-gonville-caius-college-eugenicist-window-ronald-fisher},
 urldate = {2022-11-17}
}

@article{cuijpers2017pre,
  title={Pre-post effect sizes should be avoided in meta-analyses},
  author={Cuijpers, Pim and Weitz, E and Cristea, IA and Twisk, J},
  journal={Epidemiology and psychiatric sciences},
  volume={26},
  number={4},
  pages={364--368},
  year={2017},
  publisher={Cambridge University Press}
}

@article{bland2011comparisons,
  title={Comparisons against baseline within randomised groups are often used and can be highly misleading},
  author={Bland, J Martin and Altman, Douglas G},
  journal={Trials},
  volume={12},
  number={1},
  pages={1--7},
  year={2011},
  publisher={BioMed Central}
}

@article{bland2015best,
  title={Best (but oft forgotten) practices: testing for treatment effects in randomized trials by separate analyses of changes from baseline in each group is a misleading approach},
  author={Bland, J Martin and Altman, Douglas G},
  journal={The American journal of clinical nutrition},
  volume={102},
  number={5},
  pages={991--994},
  year={2015},
  publisher={Oxford University Press}
}

@article{althouse2021post,
  title={Post hoc power: not empowering, just misleading},
  author={Althouse, Andrew D},
  journal={Journal of Surgical Research},
  volume={259},
  pages={A3--A6},
  year={2021},
  publisher={Elsevier}
}

@article{hoenig2001abuse,
  title={The abuse of power: the pervasive fallacy of power calculations for data analysis},
  author={Hoenig, John M and Heisey, Dennis M},
  journal={The American Statistician},
  volume={55},
  number={1},
  pages={19--24},
  year={2001},
  publisher={Taylor \& Francis}
}

@article{de2022statistical,
  title={Statistical power in clinical trials of interventions for mood, anxiety, and psychotic disorders},
  author={de Vries, Ymkje Anna and Schoevers, Robert A and Higgins, Julian PT and Munaf{\`o}, Marcus R and Bastiaansen, Jojanneke A},
  journal={Psychological Medicine},
  pages={1--8},
  year={2022},
  publisher={Cambridge University Press}
}

@article{altman1995statistics,
  title={Statistics notes: Absence of evidence is not evidence of absence},
  author={Altman, Douglas G and Bland, J Martin},
  journal={Bmj},
  volume={311},
  number={7003},
  pages={485},
  year={1995},
  publisher={British Medical Journal Publishing Group}
}

@misc{alderson2004absence,
  title={Absence of evidence is not evidence of absence},
  author={Alderson, Phil},
  journal={BMj},
  volume={328},
  number={7438},
  pages={476--477},
  year={2004},
  publisher={British Medical Journal Publishing Group}
}

@article{dal2017prudence,
  title={Why prudence is needed when interpreting articles reporting clinical trial results in mental health},
  author={Dal-R{\'e}, Rafael and Bobes, Julio and Cuijpers, Pim},
  journal={Trials},
  volume={18},
  number={1},
  pages={1--4},
  year={2017},
  publisher={BioMed Central}
}

@article{song2017assessing,
  title={Assessing reporting quality of randomized controlled trial abstracts in psychiatry: Adherence to CONSORT for abstracts: A systematic review},
  author={Song, Seung Yeon and Kim, Boyeon and Kim, Inhye and Kim, Sungeun and Kwon, Minjeong and Han, Changsu and Kim, Eunyoung},
  journal={PLoS One},
  volume={12},
  number={11},
  pages={e0187807},
  year={2017},
  publisher={Public Library of Science San Francisco, CA USA}
}

@article{kane2007reporting,
  title={Reporting in randomized clinical trials improved after adoption of the CONSORT statement},
  author={Kane, Robert L and Wang, Jye and Garrard, Judith},
  journal={Journal of clinical epidemiology},
  volume={60},
  number={3},
  pages={241--249},
  year={2007},
  publisher={Elsevier}
}

@article{plint2006does,
  title={Does the CONSORT checklist improve the quality of reports of randomised controlled trials? A systematic review},
  author={Plint, Amy C and Moher, David and Morrison, Andra and Schulz, Kenneth and Altman, Douglas G and Hill, Catherine and Gaboury, Isabelle},
  journal={Medical journal of Australia},
  volume={185},
  number={5},
  pages={263--267},
  year={2006},
  publisher={Wiley Online Library}
}

@article{altman2017harms,
  title={Harms of outcome switching in reports of randomised trials: CONSORT perspective},
  author={Altman, Douglas G and Moher, David and Schulz, Kenneth F},
  journal={Bmj},
  volume={356},
  year={2017},
  publisher={British Medical Journal Publishing Group}
}

@Book{MASS,
    title = {Modern Applied Statistics with S},
    author = {W. N. Venables and B. D. Ripley},
    publisher = {Springer},
    edition = {Fourth},
    address = {New York},
    year = {2002},
    note = {ISBN 0-387-95457-0},
    url = {https://www.stats.ox.ac.uk/pub/MASS4/},
  }

  @article{wickham2019welcome,
  title={Welcome to the Tidyverse},
  author={Wickham, Hadley and Averick, Mara and Bryan, Jennifer and Chang, Winston and McGowan, Lucy D'Agostino and Fran{\c{c}}ois, Romain and Grolemund, Garrett and Hayes, Alex and Henry, Lionel and Hester, Jim and others},
  journal={Journal of open source software},
  volume={4},
  number={43},
  pages={1686},
  year={2019}
}

@Book{ggplot2,
    author = {Hadley Wickham},
    title = {ggplot2: Elegant Graphics for Data Analysis},
    publisher = {Springer-Verlag New York},
    year = {2016},
    isbn = {978-3-319-24277-4},
    url = {https://ggplot2.tidyverse.org},
  }

  @Manual{openxlsx,
    title = {openxlsx: Read, Write and Edit xlsx Files},
    author = {Philipp Schauberger and Alexander Walker},
    year = {2021},
    note = {R package version 4.2.5},
    url = {https://CRAN.R-project.org/package=openxlsx},
  }

  @book{harrer2021doing,
      title     = {Doing Meta-Analysis With {R}: A Hands-On Guide},
      author    = {Harrer, Mathias and Cuijpers, Pim and Furukawa Toshi A and Ebert, David D},
      year      = {2021},
      publisher = {Chapman & Hall/CRC Press},
      address   = {Boca Raton, FL and London},
      isbn      = {9780367610074},
      edition   = {1st}
    }

@book{navarro2013learning,
  title={Learning statistics with R},
  author={Navarro, Daniel},
  year={2013},
  publisher={Lulu. com}
}

@book{wickham2016r,
  title={R for data science: import, tidy, transform, visualize, and model data},
  author={Wickham, Hadley and Grolemund, Garrett},
  year={2016},
  publisher={" O'Reilly Media, Inc."}
}

@article{ebert2018effectiveness,
  title={Effectiveness of web-and mobile-based treatment of subthreshold depression with adherence-focused guidance: a single-blind randomized controlled trial},
  author={Ebert, David Daniel and Buntrock, Claudia and Lehr, Dirk and Smit, Filip and Riper, Heleen and Baumeister, Harald and Cuijpers, Pim and Berking, Matthias},
  journal={Behavior Therapy},
  volume={49},
  number={1},
  pages={71--83},
  year={2018},
  publisher={Elsevier}
}

@article{Radloff1977,
  title={The CES-D scale: A self-report depression scale for research in the general population},
  author={Radloff, L. S.},
  journal={Applied Psychological Measurement},
  volume={1},
  number={3},
  pages={385-401},
  year={1977}
}

@article{manos2011behavioral,
  title={The behavioral activation for depression scale--short form: development and validation},
  author={Manos, Rachel C and Kanter, Jonathan W and Luo, Wen},
  journal={Behavior therapy},
  volume={42},
  number={4},
  pages={726--739},
  year={2011},
  publisher={Elsevier}
}

@article{zigmond1983hospital,
  title={The hospital anxiety and depression scale},
  author={Zigmond, Anthony S and Snaith, R Philip},
  journal={Acta psychiatrica scandinavica},
  volume={67},
  number={6},
  pages={361--370},
  year={1983},
  publisher={Wiley Online Library}
}

@article{picco2016attitudes,
  title={Attitudes toward seeking professional psychological help: Factor structure and socio-demographic predictors},
  author={Picco, Louisa and Abdin, Edimanysah and Chong, Siow Ann and Pang, Shirlene and Shafie, Saleha and Chua, Boon Yiang and Vaingankar, Janhavi A and Ong, Lue Ping and Tay, Jenny and Subramaniam, Mythily},
  journal={Frontiers in Psychology},
  volume={7},
  pages={547},
  year={2016},
  publisher={Frontiers Media SA}
}

@article{devilly2000psychometric,
  title={Psychometric properties of the credibility/expectancy questionnaire},
  author={Devilly, Grant J and Borkovec, Thomas D},
  journal={Journal of behavior therapy and experimental psychiatry},
  volume={31},
  number={2},
  pages={73--86},
  year={2000},
  publisher={Elsevier}
}

@Manual{skimr,
    title = {skimr: Compact and Flexible Summaries of Data},
    author = {Elin Waring and Michael Quinn and Amelia McNamara and Eduardo {Arino de la Rubia} and Hao Zhu and Shannon Ellis},
    year = {2022},
    note = {R package version 2.1.4},
    url = {https://CRAN.R-project.org/package=skimr},
}

@Manual{psych,
    title = {psych: Procedures for Psychological, Psychometric, and Personality Research},
    author = {William Revelle},
    organization = { Northwestern University},
    address = { Evanston, Illinois},
    year = {2022},
    note = {R package version 2.2.3},
    url = {https://CRAN.R-project.org/package=psych},
  }

@article{moher2012consort,
  title={CONSORT 2010 explanation and elaboration: updated guidelines for reporting parallel group randomised trials},
  author={Moher, David and Hopewell, Sally and Schulz, Kenneth F and Montori, Victor and G{\o}tzsche, Peter C and Devereaux, Philip J and Elbourne, Diana and Egger, Matthias and Altman, Douglas G},
  journal={International journal of surgery},
  volume={10},
  number={1},
  pages={28--55},
  year={2012},
  publisher={Elsevier}
}

 @Manual{consort,
    title = {consort: Create Consort Diagram},
    author = {Alim Dayim},
    year = {2023},
    note = {R package version 1.1.0},
    url = {https://CRAN.R-project.org/package=consort},
  }
  
@article{schulz2010consort,
  title={CONSORT 2010 statement: updated guidelines for reporting parallel group randomised trials},
  author={Schulz, Kenneth F and Altman, Douglas G and Moher, David},
  journal={Journal of Pharmacology and pharmacotherapeutics},
  volume={1},
  number={2},
  pages={100--107},
  year={2010},
  publisher={SAGE Publications Sage India: New Delhi, India}
}

@article{moher2012consort2,
  title={CONSORT 2010 explanation and elaboration: updated guidelines for reporting parallel group randomised trials},
  author={Moher, David and Hopewell, Sally and Schulz, Kenneth F and Montori, Victor and G{\o}tzsche, Peter C and Devereaux, Philip J and Elbourne, Diana and Egger, Matthias and Altman, Douglas G},
  journal={International journal of surgery},
  volume={10},
  number={1},
  pages={28--55},
  year={2012},
  publisher={Elsevier}
}

@article{rubin1976inference,
  title={Inference and missing data},
  author={Rubin, Donald B},
  journal={Biometrika},
  volume={63},
  number={3},
  pages={581--592},
  year={1976},
  publisher={Oxford University Press}
}

@book{fimd,
  title={Flexible imputation of missing data},
  author={van Buuren, Stef},
  year={2018},
  publisher={CRC press}
}

@article{carpenter2021missing,
  title={Missing data: A statistical framework for practice},
  author={Carpenter, James R and Smuk, Melanie},
  journal={Biometrical Journal},
  volume={63},
  number={5},
  pages={915--947},
  year={2021},
  publisher={Wiley Online Library}
}

@article{molenberghs2004analyzing,
  title={Analyzing incomplete longitudinal clinical trial data},
  author={Molenberghs, Geert and Thijs, Herbert and Jansen, Ivy and Beunckens, Caroline and Kenward, Michael G and Mallinckrodt, Craig and Carroll, Raymond J},
  journal={Biostatistics},
  volume={5},
  number={3},
  pages={445--464},
  year={2004},
  publisher={Oxford University Press}
}

@article{van2011mice,
  title={mice: Multivariate imputation by chained equations in R},
  author={van Buuren, Stef and Groothuis-Oudshoorn, Karin},
  journal={Journal of statistical software},
  volume={45},
  pages={1--67},
  year={2011}
}

@article{bell2013differential,
  title={Differential dropout and bias in randomised controlled trials: when it matters and when it may not},
  author={Bell, Melanie L and Kenward, Michael G and Fairclough, Diane L and Horton, Nicholas J},
  journal={Bmj},
  volume={346},
  year={2013},
  publisher={British Medical Journal Publishing Group}
}

@article{little1988test,
  title={A test of missing completely at random for multivariate data with missing values},
  author={Little, Roderick JA},
  journal={Journal of the American statistical Association},
  volume={83},
  number={404},
  pages={1198--1202},
  year={1988},
  publisher={Taylor \& Francis}
}

@inproceedings{thoemmes2007structural,
  title={A structural equation model for testing whether data are missing completely at random},
  author={Thoemmes, F and Enders, CK},
  booktitle={annual meeting of the American Educational Research Association, Chicago, IL},
  year={2007}
}

@article{enders2010applied,
  title={Applied missing data analysis: Guilford press},
  author={Enders, CK},
  journal={New York},
  year={2010}
}

@book{rubin2004multiple,
  title={Multiple imputation for nonresponse in surveys},
  author={Rubin, Donald B},
  volume={81},
  year={2004},
  publisher={John Wiley \& Sons}
}

@article{rubin1996multiple,
  title={Multiple imputation after 18+ years},
  author={Rubin, Donald B},
  journal={Journal of the American statistical Association},
  volume={91},
  number={434},
  pages={473--489},
  year={1996},
  publisher={Taylor \& Francis}
}

@article{White2011,
  author = {White, Ian R and Royston, Patrick and Wood, Angela M},
  title = {Multiple Imputation Using Chained Equations: Issues and Guidance for Practice},
  journal = {Statistics in Medicine},
  volume = {30},
  number = {4},
  pages = {377--399},
  year = {2011},
  doi = {10.1002/sim.4067},
  URL = {https://doi.org/10.1002/sim.4067},
  eprint = {https://doi.org/10.1002/sim.4067}
}

@Manual{jomo,
    title = {{jomo}: A package for Multilevel Joint Modelling Multiple Imputation},
    author = {Matteo Quartagno and James Carpenter},
    year = {2022},
    url = {https://CRAN.R-project.org/package=jomo},
  }

@article{quartagno2019jomo,
  title={Jomo: a flexible package for two-level joint modelling multiple imputation},
  author={Quartagno, Matteo and Grund, Simon and Carpenter, James},
  journal={R Journal},
  volume={9},
  number={1},
  year={2019}
}

@article{grund2018multiple,
  title={Multiple imputation of missing data at level 2: A comparison of fully conditional and joint modeling in multilevel designs},
  author={Grund, Simon and L{\"u}dtke, Oliver and Robitzsch, Alexander},
  journal={Journal of Educational and Behavioral Statistics},
  volume={43},
  number={3},
  pages={316--353},
  year={2018},
  publisher={Sage Publications Sage CA: Los Angeles, CA}
}

@article{van2007multiple,
  title={Multiple imputation of discrete and continuous data by fully conditional specification},
  author={Van Buuren, Stef},
  journal={Statistical methods in medical research},
  volume={16},
  number={3},
  pages={219--242},
  year={2007},
  publisher={Sage Publications Sage UK: London, England}
}

@article{van2006fully,
  title={Fully conditional specification in multivariate imputation},
  author={Van Buuren, Stef and Brand, Jaap PL and Groothuis-Oudshoorn, Catharina GM and Rubin, Donald B},
  journal={Journal of statistical computation and simulation},
  volume={76},
  number={12},
  pages={1049--1064},
  year={2006},
  publisher={Taylor \& Francis}
}

@article{enders2018comparison,
  title={A comparison of multilevel imputation schemes for random coefficient models: fully conditional specification and joint model imputation with random covariance matrices},
  author={Enders, Craig K and Hayes, Timothy and Du, Han},
  journal={Multivariate behavioral research},
  volume={53},
  number={5},
  pages={695--713},
  year={2018},
  publisher={Taylor \& Francis}
}

@article{de2017comparison,
  title={A comparison of multiple imputation methods for handling missing values in longitudinal data in the presence of a time-varying covariate with a non-linear association with time: a simulation study},
  author={De Silva, Anurika Priyanjali and Moreno-Betancur, Margarita and De Livera, Alysha Madhu and Lee, Katherine Jane and Simpson, Julie Anne},
  journal={BMC medical research methodology},
  volume={17},
  pages={1--11},
  year={2017},
  publisher={Springer}
}

 @Article{mice-package,
    title = {{mice}: Multivariate Imputation by Chained Equations in R},
    author = {Stef {van Buuren} and Karin Groothuis-Oudshoorn},
    journal = {Journal of Statistical Software},
    year = {2011},
    volume = {45},
    number = {3},
    pages = {1-67},
    doi = {10.18637/jss.v045.i03},
  }

@book{schafer1997analysis,
  title={Analysis of incomplete multivariate data},
  author={Schafer, Joseph L},
  year={1997},
  publisher={CRC press}
}

@article{morris2014tuning,
  title={Tuning multiple imputation by predictive mean matching and local residual draws},
  author={Morris, Tim P and White, Ian R and Royston, Patrick},
  journal={BMC medical research methodology},
  volume={14},
  pages={1--13},
  year={2014},
  publisher={Springer}
}

@article{white2011multiple,
  title={Multiple imputation using chained equations: issues and guidance for practice},
  author={White, Ian R and Royston, Patrick and Wood, Angela M},
  journal={Statistics in medicine},
  volume={30},
  number={4},
  pages={377--399},
  year={2011},
  publisher={Wiley Online Library}
}

@Manual{miceadds_3.12-26,
    title = {miceadds: Some Additional Multiple Imputation Functions, Especially for
'mice'},
    author = {Alexander Robitzsch and Simon Grund},
    year = {2022},
    note = {R package version 3.12-26},
    url = {https://CRAN.R-project.org/package=miceadds},
  }

  @Manual{purrr,
    title = {purrr: Functional Programming Tools},
    author = {Lionel Henry and Hadley Wickham},
    year = {2020},
    note = {R package version 0.3.4},
    url = {https://CRAN.R-project.org/package=purrr},
  }
  
@article{lunn2013bugs,
  title={The BUGS book},
  author={Lunn, David and Jackson, Christopher and Best, Nicky and Thomas, Andrew and Spiegelhalter, David},
  journal={A practical introduction to Bayesian analysis, Chapman Hall, London},
  year={2013}
}

@article{carpenter2013analysis,
  title={Analysis of longitudinal trials with protocol deviation: a framework for relevant, accessible assumptions, and inference via multiple imputation},
  author={Carpenter, James R and Roger, James H and Kenward, Michael G},
  journal={Journal of biopharmaceutical statistics},
  volume={23},
  number={6},
  pages={1352--1371},
  year={2013},
  publisher={Taylor \& Francis}
}

@article{cro2020sensitivity,
  title={Sensitivity analysis for clinical trials with missing continuous outcome data using controlled multiple imputation: a practical guide},
  author={Cro, Suzie and Morris, Tim P and Kenward, Michael G and Carpenter, James R},
  journal={Statistics in medicine},
  volume={39},
  number={21},
  pages={2815--2842},
  year={2020},
  publisher={Wiley Online Library}
}

@article{white2020causal,
  title={A causal modelling framework for reference-based imputation and tipping point analysis in clinical trials with quantitative outcome},
  author={White, Ian and Joseph, Royes and Best, Nicky},
  journal={Journal of Biopharmaceutical Statistics},
  volume={30},
  number={2},
  pages={334--350},
  year={2020},
  publisher={Taylor \& Francis}
}

@article{tan2021review,
  title={A review of the use of controlled multiple imputation in randomised controlled trials with missing outcome data},
  author={Tan, Ping-Tee and Cro, Suzie and Van Vogt, Eleanor and Szigeti, Matyas and Cornelius, Victoria R},
  journal={BMC Medical Research Methodology},
  volume={21},
  number={1},
  pages={1--17},
  year={2021},
  publisher={BioMed Central}
}

@article{little2014selection,
  title={Selection Model (Missing Data)},
  author={Little, Roderick J},
  journal={Wiley StatsRef: Statistics Reference Online},
  pages={1--5},
  year={2014},
  publisher={Wiley Online Library}
}

@article{heckman1979sample,
  title={Sample selection bias as a specification error},
  author={Heckman, James J},
  journal={Econometrica: Journal of the econometric society},
  pages={153--161},
  year={1979},
  publisher={JSTOR}
}

@article{thijs2002strategies,
  title={Strategies to fit pattern-mixture models},
  author={Thijs, Herbert and Molenberghs, Geert and Michiels, Bart and Verbeke, Geert and Curran, Desmond},
  journal={Biostatistics},
  volume={3},
  number={2},
  pages={245--265},
  year={2002},
  publisher={Oxford University Press}
}

@article{glynn1986selection,
  title={Selection modeling versus mixture modeling with nonignorable nonresponse},
  author={Glynn, Robert J and Laird, Nan M and Rubin, Donald B},
  journal={Drawing inferences from self-selected samples},
  pages={115--142},
  year={1986},
  publisher={Springer}
}

@article{liublinska2014sensitivity,
  title={Sensitivity analysis for a partially missing binary outcome in a two-arm randomized clinical trial},
  author={Liublinska, Victoria and Rubin, Donald B},
  journal={Statistics in medicine},
  volume={33},
  number={24},
  pages={4170--4185},
  year={2014},
  publisher={Wiley Online Library}
}

@article{bartlett2020bootstrap,
  title={Bootstrap inference for multiple imputation under uncongeniality and misspecification},
  author={Bartlett, Jonathan W and Hughes, Rachael A},
  journal={Statistical methods in medical research},
  volume={29},
  number={12},
  pages={3533--3546},
  year={2020},
  publisher={Sage Publications Sage UK: London, England}
}

@article{bartlett2023reference,
  title={Reference-Based multiple imputation—What is the right variance and how to estimate it},
  author={Bartlett, Jonathan W},
  journal={Statistics in Biopharmaceutical Research},
  volume={15},
  number={1},
  pages={178--186},
  year={2023},
  publisher={Taylor \& Francis}
}

@article{iddrisu2019application,
  title={An application of a pattern-mixture model with multiple imputation for the analysis of longitudinal trials with protocol deviations},
  author={Iddrisu, Abdul-Karim and Gumedze, Freedom},
  journal={BMC Medical Research Methodology},
  volume={19},
  pages={1--23},
  year={2019},
  publisher={Springer}
}

@article{robinson2020dose,
  title={The dose-response effect in routinely delivered psychological therapies: A systematic review},
  author={Robinson, Louisa and Delgadillo, Jaime and Kellett, Stephen},
  journal={Psychotherapy Research},
  volume={30},
  number={1},
  pages={79--96},
  year={2020},
  publisher={Taylor \& Francis}
}

@article{shalom2020meta,
  title={A meta-analysis of sudden gains in psychotherapy: Outcome and moderators},
  author={Shalom, Jonathan G and Aderka, Idan M},
  journal={Clinical Psychology Review},
  volume={76},
  pages={101827},
  year={2020},
  publisher={Elsevier}
}

@Manual{rbmi,
    title = {rbmi: Reference Based Multiple Imputation},
    author = {Craig Gower-Page and Alessandro Noci},
    year = {2022},
    note = {R package version 1.2.3},
    url = {https://CRAN.R-project.org/package=rbmi},
  }

 @Manual{mlmi,
    title = {mlmi: Maximum Likelihood Multiple Imputation},
    author = {Jonathan Bartlett},
    year = {2021},
    note = {R package version 1.1.1},
    url = {https://CRAN.R-project.org/package=mlmi},
  }

@Manual{refbasedmi,
    title = {RefBasedMI: Reference-Based Imputation for Longitudinal Clinical Trials with
Protocol Deviation},
    author = {Kevin McGrath},
    year = {2023},
    note = {R package version 0.1.0},
    url = {https://github.com/UCL/RefBasedMI},
}

  @Manual{remotes,
    title = {remotes: R Package Installation from Remote Repositories, Including
'GitHub'},
    author = {Gábor Csárdi and Jim Hester and Hadley Wickham and Winston Chang and Martin Morgan and Dan Tenenbaum},
    year = {2021},
    note = {R package version 2.4.2},
    url = {https://CRAN.R-project.org/package=remotes},
  }

@article{bartlett2015multiple,
  title={Multiple imputation of covariates by fully conditional specification: accommodating the substantive model},
  author={Bartlett, Jonathan W and Seaman, Shaun R and White, Ian R and Carpenter, James R and Alzheimer's Disease Neuroimaging Initiative*},
  journal={Statistical methods in medical research},
  volume={24},
  number={4},
  pages={462--487},
  year={2015},
  publisher={Sage Publications Sage UK: London, England}
}

@article{quartagno2022substantive,
  title={Substantive model compatible multilevel multiple imputation: A joint modeling approach},
  author={Quartagno, Matteo and Carpenter, James R},
  journal={Statistics in medicine},
  volume={41},
  number={25},
  pages={5000--5015},
  year={2022},
  publisher={Wiley Online Library}
}

@article{meng1994multiple,
  title={Multiple-imputation inferences with uncongenial sources of input},
  author={Meng, Xiao-Li},
  journal={Statistical Science},
  pages={538--558},
  year={1994},
  publisher={JSTOR}
}

  @Manual{mitml,
    title = {mitml: Tools for Multiple Imputation in Multilevel Modeling},
    author = {Simon Grund and Alexander Robitzsch and Oliver Luedtke},
    year = {2021},
    note = {R package version 0.4-3},
    url = {https://CRAN.R-project.org/package=mitml},
  }

  @Manual{smcfcs,
    title = {smcfcs: Multiple Imputation of Covariates by Substantive Model
Compatible Fully Conditional Specification},
    author = {Jonathan Bartlett and Ruth Keogh and Edouard F. Bonneville},
    year = {2022},
    note = {R package version 1.7.1},
    url = {https://CRAN.R-project.org/package=smcfcs},
  }

  @Article{jointai,
    title = {{JointAI}: Joint Analysis and Imputation of Incomplete Data in {R}},
    author = {Nicole S. Erler and Dimitris Rizopoulos and Emmanuel M. E. H. Lesaffre},
    journal = {Journal of Statistical Software},
    year = {2021},
    volume = {100},
    number = {20},
    pages = {1--56},
    doi = {10.18637/jss.v100.i20},
  }


@article{barnard1999miscellanea,
  title={Miscellanea. Small-sample degrees of freedom with multiple imputation},
  author={Barnard, John and Rubin, Donald B},
  journal={Biometrika},
  volume={86},
  number={4},
  pages={948--955},
  year={1999},
  publisher={Oxford University Press}
}

@book{montgomery2017design,
  title={Design and analysis of experiments},
  author={Montgomery, Douglas C},
  year={2017},
  publisher={John wiley \& sons}
}

@book{dunn2018generalized,
  title={Generalized linear models with examples in R},
  author={Dunn, Peter K and Smyth, Gordon K and others},
  volume={53},
  year={2018},
  publisher={Springer}
}

@article{permutt2020covariates,
  title={Do covariates change the estimand?},
  author={Permutt, Thomas},
  journal={Statistics in Biopharmaceutical Research},
  volume={12},
  number={1},
  pages={45--53},
  year={2020},
  publisher={Taylor \& Francis}
}

@article{tackney2023comparison,
  title={A comparison of covariate adjustment approaches under model misspecification in individually randomized trials},
  author={Tackney, Mia S and Morris, Tim and White, Ian and Leyrat, Clemence and Diaz-Ordaz, Karla and Williamson, Elizabeth},
  journal={Trials},
  volume={24},
  number={1},
  pages={1--18},
  year={2023},
  publisher={BioMed Central}
}

@article{kahan2014risks,
  title={The risks and rewards of covariate adjustment in randomized trials: an assessment of 12 outcomes from 8 studies},
  author={Kahan, Brennan C and Jairath, Vipul and Dor{\'e}, Caroline J and Morris, Tim P},
  journal={Trials},
  volume={15},
  number={1},
  pages={1--7},
  year={2014},
  publisher={BioMed Central}
}

@article{kahan2016comparison,
  title={A comparison of methods to adjust for continuous covariates in the analysis of randomised trials},
  author={Kahan, Brennan C and Rushton, Helen and Morris, Tim P and Daniel, Rhian M},
  journal={BMC Medical Research Methodology},
  volume={16},
  number={1},
  pages={1--10},
  year={2016},
  publisher={BioMed Central}
}

@article{morris2022planning,
  title={Planning a method for covariate adjustment in individually randomised trials: a practical guide},
  author={Morris, Tim P and Walker, A Sarah and Williamson, Elizabeth J and White, Ian R},
  journal={Trials},
  volume={23},
  number={1},
  pages={328},
  year={2022},
  publisher={Springer}
}

@article{assmann2000subgroup,
  title={Subgroup analysis and other (mis) uses of baseline data in clinical trials},
  author={Assmann, Susan F and Pocock, Stuart J and Enos, Laura E and Kasten, Linda E},
  journal={The Lancet},
  volume={355},
  number={9209},
  pages={1064--1069},
  year={2000},
  publisher={Elsevier}
}

@article{kahan2012improper,
  title={Improper analysis of trials randomised using stratified blocks or minimisation},
  author={Kahan, Brennan C and Morris, Tim P},
  journal={Statistics in medicine},
  volume={31},
  number={4},
  pages={328--340},
  year={2012},
  publisher={Wiley Online Library}
}

@article{kahan2012reporting,
  title={Reporting and analysis of trials using stratified randomisation in leading medical journals: review and reanalysis},
  author={Kahan, Brennan C and Morris, Tim P},
  journal={Bmj},
  volume={345},
  year={2012},
  publisher={British Medical Journal Publishing Group}
}

@misc{ema,
  title = {Guideline on adjustment for baseline covariates in clinical trials},
  author = {{EMA}},
  year = {2015},
  url = {https://www.ema.europa.eu/en/documents/scientific-guideline/guideline-adjustment-baseline  -covariates-clinical-trials_en.pdf}
}

@article{wang2019analysis,
  title={Analysis of covariance in randomized trials: More precision and valid confidence intervals, without model assumptions},
  author={Wang, Bingkai and Ogburn, Elizabeth L and Rosenblum, Michael},
  journal={Biometrics},
  volume={75},
  number={4},
  pages={1391--1400},
  year={2019},
  publisher={Wiley Online Library}
}

@article{egbewale2014bias,
  title={Bias, precision and statistical power of analysis of covariance in the analysis of randomized trials with baseline imbalance: a simulation study},
  author={Egbewale, Bolaji E and Lewis, Martyn and Sim, Julius},
  journal={BMC medical research methodology},
  volume={14},
  number={1},
  pages={1--12},
  year={2014},
  publisher={BioMed Central}
}

@article{madley2019proportion,
  title={The proportion of missing data should not be used to guide decisions on multiple imputation},
  author={Madley-Dowd, Paul and Hughes, Rachael and Tilling, Kate and Heron, Jon},
  journal={Journal of clinical epidemiology},
  volume={110},
  pages={63--73},
  year={2019},
  publisher={Elsevier}
}

@article{mckay2021harmful,
  title={Harmful treatments in psychotherapy.},
  author={McKay, Dean and Jensen-Doss, Amanda},
  journal={Clinical Psychology: Science and Practice},
  volume={28},
  number={1},
  pages={2},
  year={2021},
  publisher={Educational Publishing Foundation}
}

@article{lilienfeld2007psychological,
  title={Psychological treatments that cause harm},
  author={Lilienfeld, Scott O},
  journal={Perspectives on psychological science},
  volume={2},
  number={1},
  pages={53--70},
  year={2007},
  publisher={SAGE Publications Sage CA: Los Angeles, CA}
}

@article{hengartner2017methodological,
  title={Methodological flaws, conflicts of interest, and scientific fallacies: implications for the evaluation of antidepressants’ efficacy and harm},
  author={Hengartner, Michael P},
  journal={Frontiers in psychiatry},
  volume={8},
  pages={275},
  year={2017},
  publisher={Frontiers Media SA}
}

@article{moye2002defending,
  title={Defending the rationale for the two-tailed test in clinical research},
  author={Moy{\'e}́, Lemuel A and Tita, Alan TN},
  journal={Circulation},
  volume={105},
  number={25},
  pages={3062--3065},
  year={2002},
  publisher={Am Heart Assoc}
}

@article{lydersen2021one,
  title={Why are one-sided hypothesis tests rarely used?},
  author={Lydersen, Stian},
  journal={Tidsskrift for Den norske legeforening},
  year={2021}
}

@article{knottnerus2001ethics,
  title={The ethics of sample size:: Two-sided testing and one-sided thinking},
  author={Knottnerus, J Andr{\'e} and Bouter, Lex M},
  journal={Journal of Clinical Epidemiology},
  volume={54},
  number={2},
  pages={109--110},
  year={2001},
  publisher={Elsevier}
}

@article{owen2007ethics,
  title={The ethics of two-and one-sided hypothesis tests for clinical trials},
  author={Owen, A},
  journal={Clinical Ethics},
  volume={2},
  number={2},
  pages={100--102},
  year={2007},
  publisher={SAGE Publications Sage UK: London, England}
}

@book{harrer2021doing,
      title     = {Doing Meta-Analysis With {R}: A Hands-On Guide},
      author    = {Harrer, Mathias and Cuijpers, Pim and Furukawa Toshi A and Ebert, David D},
      year      = {2021},
      publisher = {Chapman & Hall/CRC Press},
      address   = {Boca Raton, FL and London},
      isbn      = {9780367610074},
      edition   = {1st}
}

@book{cohen2013statistical,
  title={Statistical power analysis for the behavioral sciences},
  author={Cohen, Jacob},
  year={2013},
  publisher={Academic press}
}

@article{cuijpers2014threshold,
  title={What is the threshold for a clinically relevant effect? The case of major depressive disorders},
  author={Cuijpers, Pim and Turner, Erick H and Koole, Sander L and Van Dijke, Annemiek and Smit, Filip},
  journal={Depression and anxiety},
  volume={31},
  number={5},
  pages={374--378},
  year={2014},
  publisher={Wiley Online Library}
}

@book{moore2016applied,
  title={Applied survival analysis using R},
  author={Moore, Dirk F},
  volume={473},
  year={2016},
  publisher={Springer}
}

@article{senn2005dichotomania,
  title={Dichotomania: an obsessive compulsive disorder that is badly affecting the quality of analysis of pharmaceutical trials},
  author={Senn, Stephen},
  journal={Proceedings of the International Statistical Institute, 55th Session, Sydney},
  year={2005},
  publisher={ISI The Hague, The Netherlands}
}

@article{jacobson1992clinical,
  title={Clinical significance: a statistical approach to defining meaningful change in psychotherapy research.},
  author={Jacobson, Neil S and Truax, Paula},
  year={1992},
  publisher={American Psychological Association}
}

@article{christensen2006number,
  title={Number-Needed-to-Treat (NNT)--Needs Treatment with Care},
  author={Christensen, Palle Mark and Kristiansen, Ivar S{\o}nb{\o}},
  journal={Basic \& clinical pharmacology \& toxicology},
  volume={99},
  number={1},
  pages={12--16},
  year={2006},
  publisher={Wiley Online Library}
}

@article{mendes2017number,
  title={Number needed to treat (NNT) in clinical literature: an appraisal},
  author={Mendes, Diogo and Alves, Carlos and Batel-Marques, Francisco},
  journal={BMC medicine},
  volume={15},
  number={1},
  pages={1--13},
  year={2017},
  publisher={BioMed Central}
}

@article{mcaleavey2021not,
  title={When (not) to rely on the reliable change index},
  author={McAleavey, Andrew},
  year={2021},
  publisher={OSF Preprints}
}

@article{wise2004methods,
  title={Methods for analyzing psychotherapy outcomes: A review of clinical significance, reliable change, and recommendations for future directions},
  author={Wise, Edward A},
  journal={Journal of personality assessment},
  volume={82},
  number={1},
  pages={50--59},
  year={2004},
  publisher={Taylor \& Francis}
}

@article{cohen1994earth,
  title={The earth is round (p<. 05).},
  author={Cohen, Jacob},
  journal={American psychologist},
  volume={49},
  number={12},
  pages={997},
  year={1994},
  publisher={American Psychological Association}
}

  @Manual{ed50,
    title = {ed50: Estimate ED50 and Its Confidence Interval},
    author = {Yongbo Gan and Zhijian Yang and Wei Mei},
    year = {2019},
    note = {R package version 0.1.1},
    url = {https://CRAN.R-project.org/package=ed50},
  }

@article{devji2021mind,
  title={Mind the methods of determining minimal important differences: three critical issues to consider},
  author={Devji, Tahira and Carrasco-Labra, Alonso and Guyatt, Gordon},
  journal={BMJ Ment Health},
  volume={24},
  number={2},
  pages={77--81},
  year={2021},
  publisher={Royal College of Psychiatrists}
}

@article{bauer2021effective,
  title={Effective dose 50 method as the minimal clinically important difference: Evidence from depression trials},
  author={Bauer-Staeb, Clarissa and Kounali, Daphne-Zacharenia and Welton, Nicky J and Griffith, Emma and Wiles, Nicola J and Lewis, Glyn and Faraway, Julian J and Button, Katherine S},
  journal={Journal of Clinical Epidemiology},
  volume={137},
  pages={200--208},
  year={2021},
  publisher={Elsevier}
}

@article{manea2012optimal,
  title={Optimal cut-off score for diagnosing depression with the Patient Health Questionnaire (PHQ-9): a meta-analysis},
  author={Manea, Laura and Gilbody, Simon and McMillan, Dean},
  journal={Cmaj},
  volume={184},
  number={3},
  pages={E191--E196},
  year={2012},
  publisher={Can Med Assoc}
}

@article{vilagut2016screening,
  title={Screening for depression in the general population with the Center for Epidemiologic Studies Depression (CES-D): a systematic review with meta-analysis},
  author={Vilagut, Gemma and Forero, Carlos G and Barbaglia, Gabriela and Alonso, Jordi},
  journal={PloS one},
  volume={11},
  number={5},
  pages={e0155431},
  year={2016},
  publisher={Public Library of Science San Francisco, CA USA}
}

@article{spitzer2006brief,
  title={A brief measure for assessing generalized anxiety disorder: the GAD-7},
  author={Spitzer, Robert L and Kroenke, Kurt and Williams, Janet BW and L{\"o}we, Bernd},
  journal={Archives of internal medicine},
  volume={166},
  number={10},
  pages={1092--1097},
  year={2006},
  publisher={American Medical Association}
}

@article{williamson2013log,
  title={Log-binomial models: exploring failed convergence},
  author={Williamson, Tyler and Eliasziw, Misha and Fick, Gordon Hilton},
  journal={Emerging themes in epidemiology},
  volume={10},
  number={1},
  pages={1--10},
  year={2013},
  publisher={BioMed Central}
}

@article{greenland2021noncollapsibility,
  title={Noncollapsibility, confounding, and sparse-data bias. Part 2: What should researchers make of persistent controversies about the odds ratio?},
  author={Greenland, Sander},
  journal={Journal of clinical epidemiology},
  volume={139},
  pages={264--268},
  year={2021},
  publisher={Elsevier}
}

@article{daniel2021making,
  title={Making apples from oranges: Comparing noncollapsible effect estimators and their standard errors after adjustment for different covariate sets},
  author={Daniel, Rhian and Zhang, Jingjing and Farewell, Daniel},
  journal={Biometrical Journal},
  volume={63},
  number={3},
  pages={528--557},
  year={2021},
  publisher={Wiley Online Library}
}

@article{groenwold2011reporting,
  title={Reporting of treatment effects from randomized trials: A plea for multivariable risk ratios},
  author={Groenwold, Rolf HH and Moons, Karel GM and Peelen, Linda M and Knol, Mirjam J and Hoes, Arno W},
  journal={Contemporary clinical trials},
  volume={32},
  number={3},
  pages={399--402},
  year={2011},
  publisher={Elsevier}
}

@article{jiang2017covariate,
  title={Covariate adjustment for logistic regression analysis of binary clinical trial data},
  author={Jiang, Honghua and Kulkarni, Pandurang M and Mallinckrodt, Craig H and Shurzinske, Linda and Molenberghs, Geert and Lipkovich, Ilya},
  journal={Statistics in Biopharmaceutical Research},
  volume={9},
  number={1},
  pages={126--134},
  year={2017},
  publisher={Taylor \& Francis}
}

@article{greenland1999confounding,
  title={Confounding and collapsibility in causal inference},
  author={Greenland, Sander and Pearl, Judea and Robins, James M},
  journal={Statistical science},
  volume={14},
  number={1},
  pages={29--46},
  year={1999},
  publisher={Institute of Mathematical Statistics}
}

@article{vansteelandt2011invited,
  title={Invited commentary: G-computation--lost in translation?},
  author={Vansteelandt, Stijn and Keiding, Niels},
  journal={American journal of epidemiology},
  volume={173},
  number={7},
  pages={739--742},
  year={2011},
  publisher={Oxford University Press}
}

@article{robins1986new,
  title={A new approach to causal inference in mortality studies with a sustained exposure period—application to control of the healthy worker survivor effect},
  author={Robins, James},
  journal={Mathematical modelling},
  volume={7},
  number={9-12},
  pages={1393--1512},
  year={1986},
  publisher={Elsevier}
}

@article{naimi2017introduction,
  title={An introduction to g methods},
  author={Naimi, Ashley I and Cole, Stephen R and Kennedy, Edward H},
  journal={International journal of epidemiology},
  volume={46},
  number={2},
  pages={756--762},
  year={2017},
  publisher={Oxford University Press}
}

@Manual{stdreg,
    title = {stdReg: Regression Standardization},
    author = {Arvid Sj{\"o}lander and Elisabeth Dahlqwist},
    year = {2021},
    note = {R package version 3.4.1},
    url = {https://CRAN.R-project.org/package=stdReg},
  }

@book{aronow2019foundations,
  title={Foundations of agnostic statistics},
  author={Aronow, Peter M and Miller, Benjamin T},
  year={2019},
  publisher={Cambridge University Press}
}

@article{altman1998confidence,
  title={Confidence intervals for the number needed to treat},
  author={Altman, Douglas G},
  journal={Bmj},
  volume={317},
  number={7168},
  pages={1309--1312},
  year={1998},
  publisher={British Medical Journal Publishing Group}
}

@article{rothman1990no,
  title={No adjustments are needed for multiple comparisons},
  author={Rothman, Kenneth J},
  journal={Epidemiology},
  pages={43--46},
  year={1990},
  publisher={JSTOR}
}

@article{gelman2012we,
  title={Why we (usually) don't have to worry about multiple comparisons},
  author={Gelman, Andrew and Hill, Jennifer and Yajima, Masanao},
  journal={Journal of research on educational effectiveness},
  volume={5},
  number={2},
  pages={189--211},
  year={2012},
  publisher={Taylor \& Francis}
}

@article{gelman2013garden,
  title={The garden of forking paths: Why multiple comparisons can be a problem, even when there is no “fishing expedition” or “p-hacking” and the research hypothesis was posited ahead of time},
  author={Gelman, Andrew and Loken, Eric},
  journal={Department of Statistics, Columbia University},
  volume={348},
  pages={1--17},
  year={2013}
}

@article{li2017introduction,
  title={An introduction to multiplicity issues in clinical trials: the what, why, when and how},
  author={Li, Guowei and Taljaard, Monica and Van den Heuvel, Edwin R and Levine, Mitchell AH and Cook, Deborah J and Wells, George A and Devereaux, Philip J and Thabane, Lehana},
  journal={International journal of epidemiology},
  year={2017}
}

@article{vickerstaff2019methods,
  title={Methods to adjust for multiple comparisons in the analysis and sample size calculation of randomised controlled trials with multiple primary outcomes},
  author={Vickerstaff, Victoria and Omar, Rumana Z and Ambler, Gareth},
  journal={BMC medical research methodology},
  volume={19},
  number={1},
  pages={1--13},
  year={2019},
  publisher={BioMed Central}
}

@article{althouse2016adjust,
  title={Adjust for multiple comparisons? It’s not that simple},
  author={Althouse, Andrew D},
  journal={The Annals of thoracic surgery},
  volume={101},
  number={5},
  pages={1644--1645},
  year={2016},
  publisher={Elsevier}
}

@article{sjolander2019frequentist,
  title={Frequentist versus Bayesian approaches to multiple testing},
  author={Sj{\"o}lander, Arvid and Vansteelandt, Stijn},
  journal={European journal of epidemiology},
  volume={34},
  pages={809--821},
  year={2019},
  publisher={Springer}
}

@book{twiskbook,
    title={Analysis of Data from Randomized Controlled Trials: A Practical Guide},
    author={Twisk, Jos W R},
    year={2021},
    publisher={Springer},
    isbn={978-3-030-81864-7}
}

@article{mallinckrod2008recommendations,
  title={Recommendations for the primary analysis of continuous endpoints in longitudinal clinical trials},
  author={Mallinckrodt, Craig H and Lane, Peter W and Schnell, Dan and Peng, Yahong and Mancuso, James P},
  journal={Drug Information Journal},
  volume={42},
  number={4},
  pages={303--319},
  year={2008},
  publisher={SAGE Publications Sage CA: Los Angeles, CA}
}

@Manual{mmrm,
    title = {mmrm: Mixed Models for Repeated Measures},
    author = {Daniel {Saban{\'e}s Bov{\'e}} and Julia Dedic and Doug Kelkhoff and Kevin Kunzmann and Brian Matthew Lang and Liming Li and Christian Stock and Ya Wang and Dan James},
    year = {2023},
    note = {R package version 0.2.2.9013},
    url = {https://openpharma.github.io/mmrm/},
}

@article{kenward1997small,
  title={Small sample inference for fixed effects from restricted maximum likelihood},
  author={Kenward, Michael G and Roger, James H},
  journal={Biometrics},
  pages={983--997},
  year={1997},
  publisher={JSTOR}
}

@article{twisk2013multiple,
  title={Multiple imputation of missing values was not necessary before performing a longitudinal mixed-model analysis},
  author={Twisk, Jos and de Boer, Michiel and de Vente, Wieke and Heymans, Martijn},
  journal={Journal of clinical epidemiology},
  volume={66},
  number={9},
  pages={1022--1028},
  year={2013},
  publisher={Elsevier}
}

@misc{magnusson2019,
    author = {Magnusson, Kristoffer},
    title = {Why linear mixed-effects models are probably not the solution to your missing data problems},
    howpublished = {\url{https://web.archive.org/web/20220626101821/https://rpsychologist.com/lmm-slope-missingness/}},
    year = {2019},
    note = {Accessed on: March 23, 2023}
}

@article{holm1979simple,
  title={A simple sequentially rejective multiple test procedure},
  author={Holm, Sture},
  journal={Scandinavian journal of statistics},
  pages={65--70},
  year={1979},
  publisher={JSTOR}
}

@article{naudet2018data,
  title={Data sharing and reanalysis of randomized controlled trials in leading biomedical journals with a full data sharing policy: survey of studies published in The BMJ and PLOS Medicine},
  author={Naudet, Florian and Sakarovitch, Charlotte and Janiaud, Perrine and Cristea, Ioana and Fanelli, Daniele and Moher, David and Ioannidis, John PA},
  journal={Bmj},
  volume={360},
  year={2018},
  publisher={British Medical Journal Publishing Group}
}

@article{danchev2021evaluation,
  title={Evaluation of data sharing after implementation of the International Committee of Medical Journal Editors data sharing statement requirement},
  author={Danchev, Valentin and Min, Yan and Borghi, John and Baiocchi, Mike and Ioannidis, John PA},
  journal={JAMA network open},
  volume={4},
  number={1},
  pages={e2033972--e2033972},
  year={2021},
  publisher={American Medical Association}
}

@article{taichman2017data,
  title={Data sharing statements for clinical trials: a requirement of the International Committee of Medical Journal Editors},
  author={Taichman, Darren B and Sahni, Peush and Pinborg, Anja and Peiperl, Larry and Laine, Christine and James, Astrid and Hong, Sung-Tae and Haileamlak, Abraham and Gollogly, Laragh and Godlee, Fiona and others},
  journal={Annals of Internal medicine},
  volume={167},
  number={1},
  pages={63--65},
  year={2017},
  publisher={American College of Physicians}
}

@book{enders2022applied,
  title={Applied missing data analysis},
  author={Enders, Craig K},
  year={2022},
  publisher={Guilford Publications}
}

@book{wickham2016r,
  title={R for data science: import, tidy, transform, visualize, and model data},
  author={Wickham, Hadley and Grolemund, Garrett},
  year={2016},
  publisher={" O'Reilly Media, Inc."}
}